@article{angel2016local,
  title={Local max-cut in smoothed polynomial time},
  author={Angel, Omer and Bubeck, S{\'e}bastien and Peres, Yuval and Wei, Fan},
  journal={arXiv preprint arXiv:1610.04807},
  year={2016}
}
