@article{angel2016local,
  title={Local max-cut in smoothed polynomial time},
  author={Angel, Omer and Bubeck, S{\'e}bastien and Peres, Yuval and Wei, Fan},
  journal={arXiv preprint arXiv:1610.04807},
  year={2016}
}

@article{etscheid2017smoothed,
  title={Smoothed analysis of local search for the maximum-cut problem},
  author={Etscheid, Michael and R{\"o}glin, Heiko},
  journal={ACM Transactions on Algorithms (TALG)},
  volume={13},
  number={2},
  pages={25},
  year={2017},
  publisher={ACM}
}

